@book{gooma,
  title = {{Software Design Methods for Concurrent and Real-Time Systems}},
  author = {Hassan Gooma},
  edition = {Fifth Printing},
  publisher = {Addison Wesley},
  year = {2001},
  key = {Design Methods, Real-Time}
}

@book{demarco,
  title = {{Structured Analysis and System Specification}},
  author = {Tom DeMarco},
  edition = {April 1981},
  publisher = {Yourdon P.,U.S.},
  year = {1981},
  key = {Design Methods, Structured Design}
}


@book{cooling,
  title = {{Software Engineering for Real-Time Systems}},
  author = {Jim Cooling},
  edition = {First Edition},
  publisher = {Addison Wesley},
  year = {2003},
  key = {Design Methods, Real-Time}
}


@book{IEEE1164,
  title = {{1164-1993 â€“ IEEE Standard Multivalue Logic System for VHDL Model Interoperability (Stdlogic1164) }},
  author = {IEEE},
  publisher = {IEEE},
  year = {1993}
}



